%YAML 1.1
%TAG !u! tag:unity3d.com,2011:
--- !u!1001 &100100000
Prefab:
  m_ObjectHideFlags: 1
  serializedVersion: 2
  m_Modification:
    m_TransformParent: {fileID: 0}
    m_Modifications: []
    m_RemovedComponents: []
  m_SourcePrefab: {fileID: 0}
  m_RootGameObject: {fileID: 1456688148651568}
  m_IsPrefabAsset: 1
--- !u!1 &1456688148651568
GameObject:
  m_ObjectHideFlags: 0
  m_CorrespondingSourceObject: {fileID: 0}
  m_PrefabInternal: {fileID: 100100000}
  serializedVersion: 6
  m_Component:
  - component: {fileID: 224161741045231218}
  - component: {fileID: 212090273360420242}
  - component: {fileID: 114979613008990420}
  - component: {fileID: 114350277719096998}
  - component: {fileID: 114698683053238306}
  - component: {fileID: 222272904099781302}
  - component: {fileID: 114167881911301680}
  - component: {fileID: 60375128323250796}
  m_Layer: 0
  m_Name: eight
  m_TagString: movemebt
  m_Icon: {fileID: 0}
  m_NavMeshLayer: 0
  m_StaticEditorFlags: 0
  m_IsActive: 1
--- !u!60 &60375128323250796
PolygonCollider2D:
  m_ObjectHideFlags: 1
  m_CorrespondingSourceObject: {fileID: 0}
  m_PrefabInternal: {fileID: 100100000}
  m_GameObject: {fileID: 1456688148651568}
  m_Enabled: 1
  m_Density: 1
  m_Material: {fileID: 0}
  m_IsTrigger: 1
  m_UsedByEffector: 0
  m_UsedByComposite: 0
  m_Offset: {x: 0, y: 0}
  m_SpriteTilingProperty:
    border: {x: 0, y: 0, z: 0, w: 0}
    pivot: {x: 0.5, y: 0.5}
    oldSize: {x: 19.2, y: 24}
    newSize: {x: 19.2, y: 10.8}
    adaptiveTilingThreshold: 0.5
    drawMode: 0
    adaptiveTiling: 0
  m_AutoTiling: 0
  m_Points:
    m_Paths:
    - - {x: 0.69, y: -11.03}
      - {x: 0.69, y: -9.78}
      - {x: 0.63, y: -9.719999}
      - {x: 0.08, y: -9.719999}
      - {x: 0.08, y: -9.08}
      - {x: 0.02, y: -9.0199995}
      - {x: -0.59, y: -9.0199995}
      - {x: -0.61, y: -9}
      - {x: -0.61, y: 0.88}
      - {x: -0.56, y: 0.93}
      - {x: -0.02, y: 0.93}
      - {x: 0.04, y: 0.98999995}
      - {x: 0.04, y: 1.92}
      - {x: 0.049999997, y: 1.93}
      - {x: 4.8399997, y: 1.93}
      - {x: 4.8399997, y: 0.98999995}
      - {x: 4.9, y: 0.93}
      - {x: 5.8599997, y: 0.93}
      - {x: 5.9, y: 0.89}
      - {x: 5.9, y: -2.2}
      - {x: 5.93, y: -2.27}
      - {x: 5.99, y: -2.3999999}
      - {x: 6.06, y: -2.52}
      - {x: 6.2999997, y: -2.75}
      - {x: 6.3599997, y: -2.77}
      - {x: 6.45, y: -2.83}
      - {x: 6.5099998, y: -2.86}
      - {x: 6.5099998, y: -3.35}
      - {x: 6.5299997, y: -3.4099998}
      - {x: 6.6299996, y: -3.51}
      - {x: 6.81, y: -3.54}
      - {x: 6.97, y: -3.59}
      - {x: 7.12, y: -3.77}
      - {x: 7.14, y: -3.81}
      - {x: 7.1499996, y: -4.11}
      - {x: 6.96, y: -4.37}
      - {x: 6.89, y: -4.4}
      - {x: 6.39, y: -4.31}
      - {x: 6.3199997, y: -4.2799997}
      - {x: 6.18, y: -4.0899997}
      - {x: 6.16, y: -4}
      - {x: 6.0499997, y: -3.9499998}
      - {x: 5.99, y: -4.0299997}
      - {x: 5.99, y: -4.25}
      - {x: 6.06, y: -4.39}
      - {x: 6.15, y: -4.5099998}
      - {x: 6.2999997, y: -4.67}
      - {x: 6.44, y: -4.7599998}
      - {x: 6.58, y: -4.79}
      - {x: 6.94, y: -4.79}
      - {x: 7.0899997, y: -4.74}
      - {x: 7.17, y: -4.71}
      - {x: 7.2599998, y: -4.63}
      - {x: 7.5, y: -4.35}
      - {x: 7.5699997, y: -4.18}
      - {x: 7.56, y: -3.6799998}
      - {x: 7.43, y: -3.47}
      - {x: 7.33, y: -3.35}
      - {x: 7.1, y: -3.1799998}
      - {x: 6.92, y: -3.1299999}
      - {x: 6.92, y: -2.82}
      - {x: 7.0899997, y: -2.8}
      - {x: 7.35, y: -2.57}
      - {x: 7.46, y: -2.3899999}
      - {x: 7.49, y: -2.31}
      - {x: 7.5099998, y: -2.21}
      - {x: 7.5099998, y: 0.13}
      - {x: 7.52, y: 0.14}
      - {x: 7.54, y: 0.19}
      - {x: 7.5299997, y: 0.32}
      - {x: 7.5099998, y: 0.32}
      - {x: 7.52, y: 0.93}
      - {x: 8.5199995, y: 0.93}
      - {x: 8.58, y: 0.98999995}
      - {x: 9.429999, y: 1.93}
      - {x: 9.469999, y: 1.9699999}
      - {x: 9.469999, y: 1.99}
      - {x: 9.33, y: 2.19}
      - {x: 9.139999, y: 2.53}
      - {x: 9.059999, y: 2.6399999}
      - {x: 9.03, y: 2.75}
      - {x: 8.94, y: 2.9199998}
      - {x: 8.83, y: 3.11}
      - {x: 8.67, y: 3.32}
      - {x: 8.66, y: 3.3899999}
      - {x: 8.559999, y: 3.51}
      - {x: 8.5, y: 3.6799998}
      - {x: 8.42, y: 3.86}
      - {x: 8.22, y: 4.11}
      - {x: 8.16, y: 4.25}
      - {x: 8.07, y: 4.3399997}
      - {x: 7.77, y: 4.38}
      - {x: 7.66, y: 4.48}
      - {x: 7.2599998, y: 4.66}
      - {x: 6.87, y: 4.8599997}
      - {x: 6.69, y: 4.94}
      - {x: 6.17, y: 5.18}
      - {x: 5.6099997, y: 5.47}
      - {x: 5.0499997, y: 5.75}
      - {x: 4.7999997, y: 5.8599997}
      - {x: 3.9499998, y: 6.27}
      - {x: 3.86, y: 6.3199997}
      - {x: 3.61, y: 6.46}
      - {x: 3.27, y: 6.6}
      - {x: 2.8, y: 6.8399997}
      - {x: 2.59, y: 6.96}
      - {x: 2.33, y: 7.06}
      - {x: 2.11, y: 7.18}
      - {x: 1.5899999, y: 7.41}
      - {x: 1.05, y: 7.69}
      - {x: 0.77, y: 7.8199997}
      - {x: 0.35, y: 8.03}
      - {x: 0.11, y: 8.139999}
      - {x: -0.049999997, y: 8.21}
      - {x: -0.25, y: 8.32}
      - {x: -0.75, y: 8.559999}
      - {x: -1.09, y: 8.73}
      - {x: -1.26, y: 8.79}
      - {x: -1.61, y: 8.8}
      - {x: -2.12, y: 8.8}
      - {x: -2.12, y: 8.809999}
      - {x: -2.34, y: 8.809999}
      - {x: -2.44, y: 8.79}
      - {x: -2.62, y: 8.69}
      - {x: -2.75, y: 8.599999}
      - {x: -2.98, y: 8.45}
      - {x: -3.1999998, y: 8.32}
      - {x: -3.31, y: 8.22}
      - {x: -4.23, y: 7.64}
      - {x: -4.8199997, y: 7.2599998}
      - {x: -5.0299997, y: 7.12}
      - {x: -5.2599998, y: 6.95}
      - {x: -5.39, y: 6.8799996}
      - {x: -5.62, y: 6.73}
      - {x: -5.87, y: 6.56}
      - {x: -6.06, y: 6.45}
      - {x: -6.12, y: 6.3999996}
      - {x: -6.29, y: 6.27}
      - {x: -6.3999996, y: 6.21}
      - {x: -6.52, y: 6.14}
      - {x: -6.94, y: 5.8599997}
      - {x: -7.23, y: 5.67}
      - {x: -7.39, y: 5.58}
      - {x: -7.66, y: 5.4}
      - {x: -7.7799997, y: 5.2999997}
      - {x: -7.8999996, y: 5.23}
      - {x: -8.07, y: 5.12}
      - {x: -8.17, y: 5.06}
      - {x: -8.36, y: 4.95}
      - {x: -8.53, y: 4.8399997}
      - {x: -8.78, y: 4.67}
      - {x: -8.98, y: 4.5299997}
      - {x: -9.15, y: 4.45}
      - {x: -9.2, y: 4.36}
      - {x: -9.309999, y: 4.36}
      - {x: -9.4, y: 4.29}
      - {x: -9.41, y: 3.8999999}
      - {x: -9.389999, y: 3.8999999}
      - {x: -9.389999, y: 2.28}
      - {x: -9.42, y: 2.23}
      - {x: -9.42, y: 2.02}
      - {x: -9.309999, y: 1.93}
      - {x: -8.13, y: 1.75}
      - {x: -8.07, y: 1.6899999}
      - {x: -6.98, y: 1.6899999}
      - {x: -6.92, y: 1.75}
      - {x: -6.91, y: 1.93}
      - {x: -6.72, y: 1.8399999}
      - {x: -6.74, y: 1.73}
      - {x: -6.74, y: 1.7099999}
      - {x: -6.72, y: 1.6899999}
      - {x: -5.6099997, y: 1.6899999}
      - {x: -5.52, y: 1.78}
      - {x: -5.52, y: 1.93}
      - {x: -4.36, y: 1.93}
      - {x: -4.3399997, y: 1.92}
      - {x: -3.6799998, y: 1.92}
      - {x: -3.6699998, y: 1.9}
      - {x: -3.6699998, y: 0.98999995}
      - {x: -3.61, y: 0.93}
      - {x: -3.07, y: 0.93}
      - {x: -3.05, y: 0.76}
      - {x: -3.05, y: -9.0199995}
      - {x: -3.6699998, y: -9.0199995}
      - {x: -3.74, y: -9.09}
      - {x: -4.29, y: -9.719999}
      - {x: -4.35, y: -9.78}
      - {x: -4.35, y: -10.07}
      - {x: -4.33, y: -10.349999}
      - {x: -4.35, y: -10.37}
      - {x: -4.35, y: -11.15}
      - {x: -4.2799997, y: -11.219999}
      - {x: -4.2, y: -11.259999}
      - {x: -3.3, y: -11.259999}
      - {x: -3.29, y: -11.2699995}
      - {x: -0.58, y: -11.2699995}
      - {x: -0.06, y: -11.259999}
      - {x: 0.59, y: -11.259999}
      - {x: 0.66999996, y: -11.179999}
    - - {x: -2.6399999, y: -9}
      - {x: -2.6399999, y: -7.85}
      - {x: -2.6299999, y: -7.8399997}
      - {x: -2.29, y: -7.97}
      - {x: -1.8399999, y: -8.24}
      - {x: -1.4599999, y: -8.45}
      - {x: -1.29, y: -8.57}
      - {x: -1.13, y: -8.67}
      - {x: -1.01, y: -9.0199995}
      - {x: -2.61, y: -9.0199995}
    - - {x: -1.18, y: -8.099999}
      - {x: -1.4399999, y: -7.96}
      - {x: -1.54, y: -7.9199996}
      - {x: -1.87, y: -7.68}
      - {x: -1.9, y: -7.6099997}
      - {x: -1.02, y: -7.6099997}
      - {x: -1.02, y: -7.6299996}
      - {x: -1.03, y: -8.08}
      - {x: -1.02, y: -8.17}
    - - {x: -1.78, y: -7.16}
      - {x: -1.89, y: -7.0899997}
      - {x: -1.76, y: -7}
      - {x: -1.53, y: -6.8999996}
      - {x: -1.1899999, y: -6.6499996}
      - {x: -1.01, y: -6.58}
      - {x: -1.02, y: -7.18}
      - {x: -1.27, y: -7.18}
    - - {x: -2.6499999, y: -6.92}
      - {x: -2.6499999, y: -5.52}
      - {x: -2.6399999, y: -5.5099998}
      - {x: -2.61, y: -5.46}
      - {x: -2.37, y: -5.54}
      - {x: -2, y: -5.7599998}
      - {x: -1.9, y: -5.7999997}
      - {x: -1.78, y: -5.87}
      - {x: -1.55, y: -6.02}
      - {x: -1.4399999, y: -6.0699997}
      - {x: -1.29, y: -6.17}
      - {x: -1.27, y: -6.17}
      - {x: -1.26, y: -6.18}
      - {x: -1.26, y: -6.17}
      - {x: -1.31, y: -6.21}
      - {x: -1.35, y: -6.22}
      - {x: -1.5799999, y: -6.37}
      - {x: -2, y: -6.64}
      - {x: -2.26, y: -6.81}
      - {x: -2.44, y: -6.91}
      - {x: -2.52, y: -6.98}
    - - {x: -1.22, y: -5.72}
      - {x: -1.38, y: -5.62}
      - {x: -1.77, y: -5.38}
      - {x: -1.93, y: -5.27}
      - {x: -1.91, y: -5.23}
      - {x: -1.05, y: -5.23}
      - {x: -1.04, y: -5.24}
      - {x: -1.01, y: -5.24}
      - {x: -1.01, y: -5.8199997}
    - - {x: -1.9, y: -4.7799997}
      - {x: -1.8299999, y: -4.65}
      - {x: -1.74, y: -4.65}
      - {x: -1.24, y: -4.3399997}
      - {x: -1.14, y: -4.31}
      - {x: -1.01, y: -4.2599998}
      - {x: -1.01, y: -4.79}
    - - {x: -2.6499999, y: -4.58}
      - {x: -2.6499999, y: -3.1}
      - {x: -2.6399999, y: -3.09}
      - {x: -2.54, y: -3.07}
      - {x: -2.46, y: -3.1399999}
      - {x: -2.35, y: -3.1899998}
      - {x: -2.18, y: -3.28}
      - {x: -2.04, y: -3.37}
      - {x: -2, y: -3.3899999}
      - {x: -1.89, y: -3.4499998}
      - {x: -1.77, y: -3.52}
      - {x: -1.5999999, y: -3.6399999}
      - {x: -1.4499999, y: -3.72}
      - {x: -1.31, y: -3.8}
      - {x: -1.28, y: -3.86}
      - {x: -2.06, y: -4.31}
      - {x: -2.53, y: -4.5899997}
    - - {x: -1.55, y: -3.1499999}
      - {x: -1.9399999, y: -2.8999999}
      - {x: -1.99, y: -2.8799999}
      - {x: -1.01, y: -2.8899999}
      - {x: -1.01, y: -3.4299998}
      - {x: -1.02, y: -3.4299998}
    - - {x: -1.9, y: -2.37}
      - {x: -1.41, y: -2.08}
      - {x: -1.2099999, y: -1.9699999}
      - {x: -1, y: -1.89}
      - {x: -1.01, y: -2.09}
      - {x: -1.01, y: -2.35}
      - {x: -1.03, y: -2.45}
      - {x: -1.81, y: -2.45}
    - - {x: -2.6499999, y: -2.27}
      - {x: -2.6499999, y: -0.74}
      - {x: -2.57, y: -0.71999997}
      - {x: -2.5, y: -0.78}
      - {x: -2.35, y: -0.82}
      - {x: -2.28, y: -0.84999996}
      - {x: -2.1699998, y: -0.96}
      - {x: -2.04, y: -1.01}
      - {x: -1.9, y: -1.09}
      - {x: -1.77, y: -1.17}
      - {x: -1.55, y: -1.31}
      - {x: -1.3199999, y: -1.43}
      - {x: -1.25, y: -1.4399999}
      - {x: -1.3199999, y: -1.53}
      - {x: -1.86, y: -1.86}
      - {x: -2.03, y: -1.9499999}
      - {x: -2.23, y: -2.07}
      - {x: -2.57, y: -2.3}
    - - {x: 6.74, y: -1.09}
      - {x: 6.39, y: -1.2099999}
      - {x: 6.3199997, y: -1.27}
      - {x: 6.3199997, y: 0.85999995}
      - {x: 7.12, y: 0.87}
      - {x: 7.1099997, y: -1.25}
    - - {x: -1.14, y: -1.04}
      - {x: -1.27, y: -0.96}
      - {x: -2.01, y: -0.52}
      - {x: -1.01, y: -0.52}
      - {x: -1.01, y: -1.09}
    - - {x: -1.9499999, y: -0.03}
      - {x: -1.77, y: 0.07}
      - {x: -1.3399999, y: 0.32999998}
      - {x: -1.14, y: 0.41}
      - {x: -1.01, y: 0.45}
      - {x: -1.02, y: -0.04}
      - {x: -1.06, y: -0.07}
      - {x: -1.3399999, y: -0.089999996}
      - {x: -1.8399999, y: -0.099999994}
      - {x: -1.99, y: -0.11}
    - - {x: -2.6499999, y: 0.089999996}
      - {x: -2.6399999, y: 0.64}
      - {x: -2.48, y: 0.65999997}
      - {x: -2.46, y: 0.68}
      - {x: -1.64, y: 0.68}
      - {x: -1.65, y: 0.64}
      - {x: -2.1599998, y: 0.35}
      - {x: -2.36, y: 0.24}
    - - {x: -8.97, y: 2.35}
      - {x: -8.97, y: 3.28}
      - {x: -8.95, y: 3.28}
      - {x: -8.88, y: 3.1899998}
      - {x: -8.73, y: 2.9399998}
      - {x: -8.62, y: 2.75}
      - {x: -8.46, y: 2.44}
      - {x: -8.389999, y: 2.33}
      - {x: -8.69, y: 2.34}
    - - {x: -6.77, y: 3.53}
      - {x: -6.73, y: 3.49}
      - {x: -6.74, y: 2.3899999}
      - {x: -6.8999996, y: 2.34}
    - - {x: -5.24, y: 2.36}
      - {x: -5.15, y: 2.53}
      - {x: -5.04, y: 2.76}
      - {x: -4.89, y: 3}
      - {x: -4.8199997, y: 3.12}
      - {x: -4.73, y: 3.29}
      - {x: -4.58, y: 3.55}
      - {x: -4.43, y: 3.6699998}
      - {x: -4.17, y: 3.1899998}
      - {x: -4.0099998, y: 2.96}
      - {x: -3.98, y: 2.87}
      - {x: -3.79, y: 2.6399999}
      - {x: -3.79, y: 2.55}
      - {x: -3.7099998, y: 2.47}
      - {x: -3.74, y: 2.33}
      - {x: -5.15, y: 2.33}
      - {x: -5.14, y: 2.35}
    - - {x: 7.23, y: 2.35}
      - {x: 7.29, y: 2.51}
      - {x: 7.41, y: 2.73}
      - {x: 7.54, y: 2.9299998}
      - {x: 7.62, y: 3.1}
      - {x: 7.68, y: 3.1999998}
      - {x: 7.71, y: 3.29}
      - {x: 7.79, y: 3.3799999}
      - {x: 7.8799996, y: 3.58}
      - {x: 7.97, y: 3.6899998}
      - {x: 8.12, y: 3.49}
      - {x: 8.349999, y: 3.08}
      - {x: 8.51, y: 2.8}
      - {x: 8.7699995, y: 2.34}
      - {x: 7.5299997, y: 2.34}
      - {x: 7.5299997, y: 2.36}
      - {x: 7.45, y: 2.36}
    - - {x: 4.8599997, y: 2.36}
      - {x: 4.8599997, y: 2.47}
      - {x: 4.96, y: 2.57}
      - {x: 5.0499997, y: 2.74}
      - {x: 5.17, y: 2.9099998}
      - {x: 5.27, y: 3.1}
      - {x: 5.33, y: 3.1999998}
      - {x: 5.38, y: 3.28}
      - {x: 5.5099998, y: 3.56}
      - {x: 5.5899997, y: 3.6799998}
      - {x: 5.66, y: 3.6699998}
      - {x: 5.8199997, y: 3.3999999}
      - {x: 6.14, y: 2.85}
      - {x: 6.3599997, y: 2.47}
      - {x: 6.42, y: 2.35}
      - {x: 5.6, y: 2.35}
      - {x: 5.5899997, y: 2.36}
    - - {x: 2.49, y: 2.37}
      - {x: 2.57, y: 2.53}
      - {x: 2.6399999, y: 2.6599998}
      - {x: 2.7, y: 2.75}
      - {x: 2.71, y: 2.8}
      - {x: 2.82, y: 2.9099998}
      - {x: 2.9299998, y: 3.11}
      - {x: 2.96, y: 3.1999998}
      - {x: 3.09, y: 3.4299998}
      - {x: 3.24, y: 3.6799998}
      - {x: 3.3, y: 3.6799998}
      - {x: 3.52, y: 3.3}
      - {x: 3.6599998, y: 3.1}
      - {x: 3.75, y: 2.9399998}
      - {x: 3.97, y: 2.57}
      - {x: 4.0099998, y: 2.49}
      - {x: 4.06, y: 2.4299998}
      - {x: 3.8999999, y: 2.37}
    - - {x: 0.19, y: 2.45}
      - {x: 0.34, y: 2.7}
      - {x: 0.55, y: 3.04}
      - {x: 0.72999996, y: 3.33}
      - {x: 0.95, y: 3.6699998}
      - {x: 1.05, y: 3.52}
      - {x: 1.14, y: 3.37}
      - {x: 1.17, y: 3.3}
      - {x: 1.29, y: 3.1}
      - {x: 1.3299999, y: 3.04}
      - {x: 1.4, y: 2.9199998}
      - {x: 1.49, y: 2.74}
      - {x: 1.5699999, y: 2.6}
      - {x: 1.66, y: 2.51}
      - {x: 1.65, y: 2.46}
      - {x: 0.55, y: 2.3899999}
      - {x: 0.53999996, y: 2.3999999}
      - {x: 0.32999998, y: 2.3999999}
      - {x: 0.14, y: 2.3899999}
    - - {x: 1.8299999, y: 3.05}
      - {x: 1.7099999, y: 3.25}
      - {x: 1.48, y: 3.6399999}
      - {x: 1.31, y: 3.9299998}
      - {x: 1.39, y: 3.9399998}
      - {x: 1.39, y: 3.9599998}
      - {x: 2.81, y: 3.9599998}
      - {x: 2.82, y: 3.9499998}
      - {x: 2.81, y: 3.78}
      - {x: 2.75, y: 3.6999998}
      - {x: 2.69, y: 3.59}
      - {x: 2.6299999, y: 3.49}
      - {x: 2.54, y: 3.33}
      - {x: 2.36, y: 3.04}
      - {x: 2.22, y: 2.81}
      - {x: 2.12, y: 2.6499999}
      - {x: 2.1, y: 2.59}
    - - {x: 4.3399997, y: 2.75}
      - {x: 4.19, y: 3.01}
      - {x: 4.0299997, y: 3.28}
      - {x: 3.9399998, y: 3.4399998}
      - {x: 3.9199998, y: 3.46}
      - {x: 3.82, y: 3.6699998}
      - {x: 3.6599998, y: 3.8999999}
      - {x: 3.6599998, y: 3.9599998}
      - {x: 5.21, y: 3.9599998}
      - {x: 5.21, y: 3.86}
      - {x: 5.1, y: 3.6699998}
      - {x: 4.94, y: 3.3899999}
      - {x: 4.71, y: 3}
      - {x: 4.58, y: 2.78}
      - {x: 4.47, y: 2.59}
    - - {x: 6.72, y: 2.6599998}
      - {x: 6.71, y: 2.79}
      - {x: 6.5699997, y: 2.98}
      - {x: 6.49, y: 3.1}
      - {x: 6.3199997, y: 3.36}
      - {x: 6.2999997, y: 3.46}
      - {x: 6.12, y: 3.72}
      - {x: 6.0499997, y: 3.82}
      - {x: 6.0899997, y: 3.9599998}
      - {x: 7.5499997, y: 3.9599998}
      - {x: 7.5699997, y: 3.8799999}
      - {x: 7.29, y: 3.3799999}
      - {x: 7.19, y: 3.21}
      - {x: 7.06, y: 2.95}
      - {x: 6.8399997, y: 2.6499999}
    - - {x: -3.47, y: 2.8799999}
      - {x: -3.59, y: 3.08}
      - {x: -3.6799998, y: 3.24}
      - {x: -3.75, y: 3.3799999}
      - {x: -3.8799999, y: 3.57}
      - {x: -3.9499998, y: 3.6899998}
      - {x: -4.06, y: 3.87}
      - {x: -4.14, y: 4.0099998}
      - {x: -4.22, y: 4.18}
      - {x: -4.41, y: 4.37}
      - {x: -5.5299997, y: 4.37}
      - {x: -5.54, y: 4.54}
      - {x: -5.6099997, y: 4.61}
      - {x: -6.6499996, y: 4.61}
      - {x: -6.71, y: 4.5699997}
      - {x: -6.7599998, y: 4.52}
      - {x: -6.75, y: 4.37}
      - {x: -6.91, y: 4.54}
      - {x: -6.98, y: 4.61}
      - {x: -7.87, y: 4.61}
      - {x: -7.91, y: 4.73}
      - {x: -7.79, y: 4.8199997}
      - {x: -7.64, y: 4.91}
      - {x: -7.12, y: 5.25}
      - {x: -7.0899997, y: 5.2799997}
      - {x: -6.85, y: 5.43}
      - {x: -6.5699997, y: 5.6099997}
      - {x: -6.17, y: 5.87}
      - {x: -5.95, y: 6.02}
      - {x: -5.7799997, y: 6.1299996}
      - {x: -5.64, y: 6.22}
      - {x: -5.52, y: 6.2999997}
      - {x: -5.38, y: 6.39}
      - {x: -5, y: 6.64}
      - {x: -4.91, y: 6.7}
      - {x: -4.74, y: 6.81}
      - {x: -4.31, y: 7.0899997}
      - {x: -4.12, y: 7.23}
      - {x: -4.04, y: 7.27}
      - {x: -3.87, y: 7.3799996}
      - {x: -3.6799998, y: 7.5099998}
      - {x: -3.34, y: 7.73}
      - {x: -3.1899998, y: 7.83}
      - {x: -2.96, y: 7.98}
      - {x: -2.79, y: 8.09}
      - {x: -2.7, y: 8.11}
      - {x: -2.74, y: 7.99}
      - {x: -2.77, y: 7.8199997}
      - {x: -2.79, y: 7.71}
      - {x: -2.8, y: 7.5499997}
      - {x: -2.86, y: 7.45}
      - {x: -2.86, y: 7.27}
      - {x: -2.8999999, y: 7.23}
      - {x: -2.9199998, y: 7.06}
      - {x: -2.9399998, y: 7}
      - {x: -2.95, y: 6.8399997}
      - {x: -2.99, y: 6.77}
      - {x: -3.01, y: 6.6}
      - {x: -3.03, y: 6.54}
      - {x: -3.07, y: 6.3199997}
      - {x: -3.1, y: 6.14}
      - {x: -3.12, y: 6.08}
      - {x: -3.12, y: 5.91}
      - {x: -3.1599998, y: 5.8599997}
      - {x: -3.23, y: 5.62}
      - {x: -3.25, y: 5.43}
      - {x: -3.25, y: 2.6499999}
      - {x: -3.32, y: 2.6599998}
    - - {x: -8.17, y: 2.8899999}
      - {x: -8.3, y: 3.11}
      - {x: -8.53, y: 3.46}
      - {x: -8.679999, y: 3.6599998}
      - {x: -8.679999, y: 3.74}
      - {x: -8.7699995, y: 3.84}
      - {x: -8.67, y: 3.9599998}
      - {x: -8.16, y: 3.9499998}
      - {x: -8.15, y: 2.9299998}
    - - {x: -5.5099998, y: 3.9199998}
      - {x: -5.48, y: 3.9299998}
      - {x: -4.91, y: 3.9399998}
      - {x: -4.9, y: 3.9299998}
      - {x: -4.96, y: 3.76}
      - {x: -5.08, y: 3.56}
      - {x: -5.43, y: 2.96}
      - {x: -5.5099998, y: 2.8899999}
    - - {x: 0.22, y: 3.6699998}
      - {x: 0.14, y: 3.75}
      - {x: 0.14, y: 3.84}
      - {x: 0.12, y: 3.8999999}
      - {x: 0.049999997, y: 4.04}
      - {x: -0.01, y: 4.1}
      - {x: -0.01, y: 4.23}
      - {x: -0.08, y: 4.36}
      - {x: -0.099999994, y: 4.5}
      - {x: -0.16, y: 4.63}
      - {x: -0.22999999, y: 4.69}
      - {x: -0.22999999, y: 4.77}
      - {x: -0.25, y: 4.8199997}
      - {x: -0.29999998, y: 4.93}
      - {x: -0.38, y: 5.0099998}
      - {x: -0.38, y: 5.23}
      - {x: -0.39999998, y: 5.2799997}
      - {x: -0.41, y: 5.41}
      - {x: -0.45, y: 5.45}
      - {x: -0.45, y: 5.62}
      - {x: -0.55, y: 6.0499997}
      - {x: -0.56, y: 6.15}
      - {x: -0.59999996, y: 6.3199997}
      - {x: -0.62, y: 6.47}
      - {x: -0.68, y: 6.67}
      - {x: -0.69, y: 6.7799997}
      - {x: -0.71, y: 6.95}
      - {x: -0.72999996, y: 6.99}
      - {x: -0.75, y: 7.06}
      - {x: -0.78, y: 7.24}
      - {x: -0.81, y: 7.31}
      - {x: -0.82, y: 7.43}
      - {x: -0.85999995, y: 7.7}
      - {x: -0.91999996, y: 7.8399997}
      - {x: -0.93, y: 8.16}
      - {x: -0.75, y: 8.099999}
      - {x: -0.56, y: 8}
      - {x: -0.29999998, y: 7.89}
      - {x: 0.17, y: 7.66}
      - {x: 0.42, y: 7.54}
      - {x: 0.64, y: 7.4199996}
      - {x: 0.77, y: 7.37}
      - {x: 1.0799999, y: 7.22}
      - {x: 1.1, y: 7.22}
      - {x: 1.5899999, y: 6.97}
      - {x: 1.9499999, y: 6.79}
      - {x: 2.18, y: 6.69}
      - {x: 2.36, y: 6.5899997}
      - {x: 2.6299999, y: 6.46}
      - {x: 2.8, y: 6.39}
      - {x: 3.1699998, y: 6.21}
      - {x: 3.7099998, y: 5.94}
      - {x: 3.83, y: 5.89}
      - {x: 3.9299998, y: 5.83}
      - {x: 4.17, y: 5.72}
      - {x: 4.52, y: 5.5499997}
      - {x: 4.8199997, y: 5.41}
      - {x: 4.85, y: 5.38}
      - {x: 4.97, y: 5.3199997}
      - {x: 5.0899997, y: 5.27}
      - {x: 5.24, y: 5.2}
      - {x: 5.46, y: 5.0899997}
      - {x: 5.71, y: 4.95}
      - {x: 5.8599997, y: 4.91}
      - {x: 5.96, y: 4.85}
      - {x: 6.1099997, y: 4.79}
      - {x: 6.18, y: 4.74}
      - {x: 6.29, y: 4.67}
      - {x: 6.5099998, y: 4.5699997}
      - {x: 6.66, y: 4.45}
      - {x: 6.6099997, y: 4.37}
      - {x: 3.54, y: 4.37}
      - {x: 3.53, y: 4.38}
      - {x: 0.94, y: 4.38}
      - {x: 0.84999996, y: 4.37}
      - {x: 0.77, y: 4.29}
      - {x: 0.71, y: 4.19}
      - {x: 0.59, y: 4.02}
      - {x: 0.53, y: 3.8899999}
      - {x: 0.47, y: 3.8}
      - {x: 0.39999998, y: 3.6599998}
      - {x: 0.32999998, y: 3.57}
      - {x: 0.29, y: 3.57}
      - {x: 0.22, y: 3.56}
    - - {x: -2.3999999, y: 5.46}
      - {x: -2.12, y: 5.68}
      - {x: -1.4, y: 6.2599998}
      - {x: -1.25, y: 6.35}
      - {x: -1.06, y: 6.46}
      - {x: -1.03, y: 6.2}
      - {x: -0.96999997, y: 5.95}
      - {x: -0.93, y: 5.89}
      - {x: -0.91999996, y: 5.75}
      - {x: -0.9, y: 5.69}
      - {x: -0.88, y: 5.43}
      - {x: -0.91999996, y: 5.39}
      - {x: -2.37, y: 5.39}
    - - {x: -2.71, y: 5.9}
      - {x: -2.6599998, y: 6.23}
      - {x: -2.6399999, y: 6.2599998}
      - {x: -2.61, y: 6.48}
      - {x: -2.58, y: 6.5299997}
      - {x: -2.56, y: 6.68}
      - {x: -1.5999999, y: 6.68}
      - {x: -1.5999999, y: 6.62}
      - {x: -1.89, y: 6.39}
      - {x: -2.1699998, y: 6.16}
      - {x: -2.37, y: 6}
      - {x: -2.47, y: 5.93}
      - {x: -2.73, y: 5.7599998}
    - - {x: -2.19, y: 7.23}
      - {x: -2.01, y: 7.43}
      - {x: -1.9, y: 7.5699997}
      - {x: -1.6999999, y: 7.7799997}
      - {x: -1.53, y: 7.97}
      - {x: -1.4399999, y: 8.09}
      - {x: -1.36, y: 7.91}
      - {x: -1.31, y: 7.6099997}
      - {x: -1.23, y: 7.3199997}
      - {x: -1.1999999, y: 7.1099997}
      - {x: -2.23, y: 7.1099997}
    - - {x: -2.29, y: 8.03}
      - {x: -2.22, y: 8.3}
      - {x: -2.19, y: 8.4}
      - {x: -1.86, y: 8.25}
      - {x: -2.03, y: 8.05}
--- !u!114 &114167881911301680
MonoBehaviour:
  m_ObjectHideFlags: 1
  m_CorrespondingSourceObject: {fileID: 0}
  m_PrefabInternal: {fileID: 100100000}
  m_GameObject: {fileID: 1456688148651568}
  m_Enabled: 1
  m_EditorHideFlags: 0
  m_Script: {fileID: 708705254, guid: f70555f144d8491a825f0804e09c671c, type: 3}
  m_Name: 
  m_EditorClassIdentifier: 
  m_Material: {fileID: 0}
  m_Color: {r: 1, g: 1, b: 1, a: 1}
  m_RaycastTarget: 1
  m_OnCullStateChanged:
    m_PersistentCalls:
      m_Calls: []
    m_TypeName: UnityEngine.UI.MaskableGraphic+CullStateChangedEvent, UnityEngine.UI,
      Version=1.0.0.0, Culture=neutral, PublicKeyToken=null
  m_FontData:
    m_Font: {fileID: 10102, guid: 0000000000000000e000000000000000, type: 0}
    m_FontSize: 14
    m_FontStyle: 0
    m_BestFit: 0
    m_MinSize: 10
    m_MaxSize: 40
    m_Alignment: 0
    m_AlignByGeometry: 0
    m_RichText: 1
    m_HorizontalOverflow: 0
    m_VerticalOverflow: 0
    m_LineSpacing: 1
  m_Text: 
--- !u!114 &114350277719096998
MonoBehaviour:
  m_ObjectHideFlags: 1
  m_CorrespondingSourceObject: {fileID: 0}
  m_PrefabInternal: {fileID: 100100000}
  m_GameObject: {fileID: 1456688148651568}
  m_Enabled: 1
  m_EditorHideFlags: 0
  m_Script: {fileID: 11500000, guid: b5d848ccade2b5e4e9c9b14fa335347d, type: 3}
  m_Name: 
  m_EditorClassIdentifier: 
  rudio: {fileID: 82233135435270240, guid: 4d34839dc9d69c644b3c080aad40631d, type: 2}
--- !u!114 &114698683053238306
MonoBehaviour:
  m_ObjectHideFlags: 1
  m_CorrespondingSourceObject: {fileID: 0}
  m_PrefabInternal: {fileID: 100100000}
  m_GameObject: {fileID: 1456688148651568}
  m_Enabled: 1
  m_EditorHideFlags: 0
  m_Script: {fileID: 11500000, guid: a84e108053bf8284d9a59ba60973a854, type: 3}
  m_Name: 
  m_EditorClassIdentifier: 
--- !u!114 &114979613008990420
MonoBehaviour:
  m_ObjectHideFlags: 1
  m_CorrespondingSourceObject: {fileID: 0}
  m_PrefabInternal: {fileID: 100100000}
  m_GameObject: {fileID: 1456688148651568}
  m_Enabled: 1
  m_EditorHideFlags: 0
  m_Script: {fileID: 11500000, guid: e3fa3f6cac4084b489195a6f37e8f6cb, type: 3}
  m_Name: 
  m_EditorClassIdentifier: 
  objectName: eight
  savepo: {fileID: 0}
  file: {fileID: 0}
  gt: 0
  i: 0
  g: 
  ggt: 0
--- !u!212 &212090273360420242
SpriteRenderer:
  m_ObjectHideFlags: 1
  m_CorrespondingSourceObject: {fileID: 0}
  m_PrefabInternal: {fileID: 100100000}
  m_GameObject: {fileID: 1456688148651568}
  m_Enabled: 1
  m_CastShadows: 0
  m_ReceiveShadows: 0
  m_DynamicOccludee: 1
  m_MotionVectors: 1
  m_LightProbeUsage: 1
  m_ReflectionProbeUsage: 1
  m_RenderingLayerMask: 4294967295
  m_Materials:
  - {fileID: 10754, guid: 0000000000000000f000000000000000, type: 0}
  m_StaticBatchInfo:
    firstSubMesh: 0
    subMeshCount: 0
  m_StaticBatchRoot: {fileID: 0}
  m_ProbeAnchor: {fileID: 0}
  m_LightProbeVolumeOverride: {fileID: 0}
  m_ScaleInLightmap: 1
  m_PreserveUVs: 0
  m_IgnoreNormalsForChartDetection: 0
  m_ImportantGI: 0
  m_StitchLightmapSeams: 0
  m_SelectedEditorRenderState: 0
  m_MinimumChartSize: 4
  m_AutoUVMaxDistance: 0.5
  m_AutoUVMaxAngle: 89
  m_LightmapParameters: {fileID: 0}
  m_SortingLayerID: 0
  m_SortingLayer: 0
  m_SortingOrder: 3
  m_Sprite: {fileID: 21300000, guid: a59fa115806d8dd4d9f292e62578cca5, type: 3}
  m_Color: {r: 1, g: 1, b: 1, a: 1}
  m_FlipX: 0
  m_FlipY: 0
  m_DrawMode: 0
  m_Size: {x: 19.2, y: 10.8}
  m_AdaptiveModeThreshold: 0.5
  m_SpriteTileMode: 0
  m_WasSpriteAssigned: 1
  m_MaskInteraction: 0
  m_SpriteSortPoint: 0
--- !u!222 &222272904099781302
CanvasRenderer:
  m_ObjectHideFlags: 1
  m_CorrespondingSourceObject: {fileID: 0}
  m_PrefabInternal: {fileID: 100100000}
  m_GameObject: {fileID: 1456688148651568}
  m_CullTransparentMesh: 0
--- !u!224 &224161741045231218
RectTransform:
  m_ObjectHideFlags: 1
  m_CorrespondingSourceObject: {fileID: 0}
  m_PrefabInternal: {fileID: 100100000}
  m_GameObject: {fileID: 1456688148651568}
  m_LocalRotation: {x: 0, y: 0, z: 0, w: 1}
  m_LocalPosition: {x: 0, y: 0, z: 0}
  m_LocalScale: {x: 25, y: 25, z: 1}
  m_Children: []
  m_Father: {fileID: 0}
  m_RootOrder: 0
  m_LocalEulerAnglesHint: {x: 0, y: 0, z: 0}
  m_AnchorMin: {x: 0.5, y: 0.5}
  m_AnchorMax: {x: 0.5, y: 0.5}
  m_AnchoredPosition: {x: 606, y: 33}
  m_SizeDelta: {x: 19.2, y: 10.8}
  m_Pivot: {x: 0.5, y: 0.5}
